@book{fitzmaurice2012applied,
  title={Applied longitudinal analysis},
  author={Fitzmaurice, Garrett M and Laird, Nan M and Ware, James H},
  volume={998},
  year={2012},
  publisher={John Wiley \& Sons}
}

@article{arazi2018immune,
  title={The immune cell landscape in kidneys of lupus nephritis patients},
  author={Arazi, Arnon and Rao, Deepak A and Berthier, Celine C and Davidson, Anne and Liu, Yanyan and Hoover, Paul J and Chicoine, Adam and Eisenhaure, Thomas M and Jonsson, A Helena and Li, Shuqiang and others},
  journal={bioRxiv},
  pages={363051},
  year={2018},
  publisher={Cold Spring Harbor Laboratory}
}

@article{crowell2019discovery,
  title={On the discovery of population-specific state transitions from multi-sample multi-condition single-cell RNA sequencing data},
  author={Crowell, Helena L and Soneson, Charlotte and Germain, Pierre-Luc and Calini, Daniela and Collin, Ludovic and Raposo, Catarina and Malhotra, Dheeraj and Robinson, Mark},
  journal={BioRxiv},
  pages={713412},
  year={2019},
  publisher={Cold Spring Harbor Laboratory}
}

@article{kharchenko2014bayesian,
  title={Bayesian approach to single-cell differential expression analysis},
  author={Kharchenko, Peter V and Silberstein, Lev and Scadden, David T},
  journal={Nature methods},
  volume={11},
  number={7},
  pages={740},
  year={2014},
  publisher={Nature Publishing Group}
}

@article{chan2008statistical,
  title={Statistical mixture modeling for cell subtype identification in flow cytometry},
  author={Chan, Cliburn and Feng, Feng and Ottinger, Janet and Foster, David and West, Mike and Kepler, Thomas B},
  journal={Cytometry Part A: The Journal of the International Society for Analytical Cytology},
  volume={73},
  number={8},
  pages={693--701},
  year={2008},
  publisher={Wiley Online Library}
}

@article{stuart2019comprehensive,
  title={Comprehensive Integration of Single-Cell Data},
  author={Stuart, Tim and Butler, Andrew and Hoffman, Paul and Hafemeister, Christoph and Papalexi, Efthymia and Mauck III, William M and Hao, Yuhan and Stoeckius, Marlon and Smibert, Peter and Satija, Rahul},
  journal={Cell},
  year={2019},
  publisher={Elsevier}
}

@article{adan2017flow,
  title={Flow cytometry: basic principles and applications},
  author={Adan, Aysun and Alizada, G{\"u}nel and Kiraz, Ya{\u{g}}mur and Baran, Yusuf and Nalbant, Ayten},
  journal={Critical reviews in biotechnology},
  volume={37},
  number={2},
  pages={163--176},
  year={2017},
  publisher={Taylor \& Francis}
}

@article{bates2014fitting,
  title={Fitting linear mixed-effects models using lme4},
  author={Bates, Douglas and M{\"a}chler, Martin and Bolker, Ben and Walker, Steve},
  journal={arXiv preprint arXiv:1406.5823},
  year={2014}
}

@article{spitzer2016mass,
  title={Mass cytometry: single cells, many features},
  author={Spitzer, Matthew H and Nolan, Garry P},
  journal={Cell},
  volume={165},
  number={4},
  pages={780--791},
  year={2016},
  publisher={Elsevier}
}

@article{bendall2014single,
  title={Single-cell trajectory detection uncovers progression and regulatory coordination in human B cell development},
  author={Bendall, Sean C and Davis, Kara L and Amir, El-ad David and Tadmor, Michelle D and Simonds, Erin F and Chen, Tiffany J and Shenfeld, Daniel K and Nolan, Garry P and Peâ€™er, Dana},
  journal={Cell},
  volume={157},
  number={3},
  pages={714--725},
  year={2014},
  publisher={Elsevier}
}

@article{wang2015advances,
  title={Advances and applications of single-cell sequencing technologies},
  author={Wang, Yong and Navin, Nicholas E},
  journal={Molecular cell},
  volume={58},
  number={4},
  pages={598--609},
  year={2015},
  publisher={Elsevier}
}

@article{sandberg2014entering,
  title={Entering the era of single-cell transcriptomics in biology and medicine},
  author={Sandberg, Rickard},
  journal={Nature methods},
  volume={11},
  number={1},
  pages={22},
  year={2014},
  publisher={Nature Publishing Group}
}

@article{van2019rna,
  title={RNA sequencing data: hitchhiker's guide to expression analysis},
  author={Van Den Berge, Koen and Hembach, Katharina M and Soneson, Charlotte and Tiberi, Simone and Clement, Lieven and Love, Michael I and Patro, Rob and Robinson, Mark D},
  year={2019},
  publisher={Annual Reviews}
}

@article{eberwine2014promise,
  title={The promise of single-cell sequencing},
  author={Eberwine, James and Sul, Jai-Yoon and Bartfai, Tamas and Kim, Junhyong},
  journal={Nature methods},
  volume={11},
  number={1},
  pages={25},
  year={2014},
  publisher={Nature Publishing Group}
}

@article{satija2018seurat,
  title={Seurat: guided clustering tutorial},
  author={Satija, R and others},
  journal={Satija Lab http://satijalab. org/seurat/pbmc3k\_tutorial. html},
  year={2018}
}

@article{wagner2018use,
  title={On the use of diversity measures in longitudinal sequencing studies of microbial communities},
  author={Wagner, Brandie D and Grunwald, Gary K and Zerbe, Gary O and Mikulich-Gilbertson, Susan K and Robertson, Charles E and Zemanick, Edith T and Harris, J Kirk},
  journal={Frontiers in microbiology},
  volume={9},
  pages={1037},
  year={2018},
  publisher={Frontiers}
}

@article{saadatpour2015single,
  title={Single-cell analysis in cancer genomics},
  author={Saadatpour, Assieh and Lai, Shujing and Guo, Guoji and Yuan, Guo-Cheng},
  journal={Trends in Genetics},
  volume={31},
  number={10},
  pages={576--586},
  year={2015},
  publisher={Elsevier}
}

@article{wang2017visualization,
  title={Visualization and analysis of single-cell RNA-seq data by kernel-based similarity learning},
  author={Wang, Bo and Zhu, Junjie and Pierson, Emma and Ramazzotti, Daniele and Batzoglou, Serafim},
  journal={Nature methods},
  volume={14},
  number={4},
  pages={414},
  year={2017},
  publisher={Nature Publishing Group}
}

@article{finak2013mixture,
  title={Mixture models for single-cell assays with applications to vaccine studies},
  author={Finak, Greg and McDavid, Andrew and Chattopadhyay, Pratip and Dominguez, Maria and De Rosa, Steve and Roederer, Mario and Gottardo, Raphael},
  journal={Biostatistics},
  volume={15},
  number={1},
  pages={87--101},
  year={2013},
  publisher={Oxford University Press}
}

@article{bacher2016design,
  title={Design and computational analysis of single-cell RNA-sequencing experiments},
  author={Bacher, Rhonda and Kendziorski, Christina},
  journal={Genome biology},
  volume={17},
  number={1},
  pages={63},
  year={2016},
  publisher={BioMed Central}
}

@article{tung2017batch,
  title={Batch effects and the effective design of single-cell gene expression studies},
  author={Tung, Po-Yuan and Blischak, John D and Hsiao, Chiaowen Joyce and Knowles, David A and Burnett, Jonathan E and Pritchard, Jonathan K and Gilad, Yoav},
  journal={Scientific reports},
  volume={7},
  pages={39921},
  year={2017},
  publisher={Nature Publishing Group}
}

@article{boedigheimer2008mixture,
  title={Mixture modeling approach to flow cytometry data},
  author={Boedigheimer, Michael J and Ferbas, John},
  journal={Cytometry Part A: The Journal of the International Society for Analytical Cytology},
  volume={73},
  number={5},
  pages={421--429},
  year={2008},
  publisher={Wiley Online Library}
}

@article{macaulay2014single,
  title={Single cell genomics: advances and future perspectives},
  author={Macaulay, Iain C and Voet, Thierry},
  journal={PLoS genetics},
  volume={10},
  number={1},
  pages={e1004126},
  year={2014},
  publisher={Public Library of Science}
}

@article{staahlberg2010defining,
  title={Defining cell populations with single-cell gene expression profiling: correlations and identification of astrocyte subpopulations},
  author={St{\aa}hlberg, Anders and Andersson, Daniel and Aurelius, Johan and Faiz, Maryam and Pekna, Marcela and Kubista, Mikael and Pekny, Milos},
  journal={Nucleic acids research},
  volume={39},
  number={4},
  pages={e24--e24},
  year={2010},
  publisher={Oxford University Press}
}

@article{amir2013visne,
  title={viSNE enables visualization of high dimensional single-cell data and reveals phenotypic heterogeneity of leukemia},
  author={Amir, El-ad David and Davis, Kara L and Tadmor, Michelle D and Simonds, Erin F and Levine, Jacob H and Bendall, Sean C and Shenfeld, Daniel K and Krishnaswamy, Smita and Nolan, Garry P and Pe'er, Dana},
  journal={Nature biotechnology},
  volume={31},
  number={6},
  pages={545},
  year={2013},
  publisher={Nature Publishing Group}
}

@article{wang2009rna,
  title={RNA-Seq: a revolutionary tool for transcriptomics},
  author={Wang, Zhong and Gerstein, Mark and Snyder, Michael},
  journal={Nature reviews genetics},
  volume={10},
  number={1},
  pages={57},
  year={2009},
  publisher={Nature Publishing Group}
}

@article{kharchenko2014bayesian,
  title={Bayesian approach to single-cell differential expression analysis},
  author={Kharchenko, Peter V and Silberstein, Lev and Scadden, David T},
  journal={Nature methods},
  volume={11},
  number={7},
  pages={740},
  year={2014},
  publisher={Nature Publishing Group}
}

@article{xue2013genetic,
  title={Genetic programs in human and mouse early embryos revealed by single-cell RNA sequencing},
  author={Xue, Zhigang and Huang, Kevin and Cai, Chaochao and Cai, Lingbo and Jiang, Chun-yan and Feng, Yun and Liu, Zhenshan and Zeng, Qiao and Cheng, Liming and Sun, Yi E and others},
  journal={Nature},
  volume={500},
  number={7464},
  pages={593},
  year={2013},
  publisher={Nature Publishing Group}
}

@article{marco2014bifurcation,
  title={Bifurcation analysis of single-cell gene expression data reveals epigenetic landscape},
  author={Marco, Eugenio and Karp, Robert L and Guo, Guoji and Robson, Paul and Hart, Adam H and Trippa, Lorenzo and Yuan, Guo-Cheng},
  journal={Proceedings of the National Academy of Sciences},
  volume={111},
  number={52},
  pages={E5643--E5650},
  year={2014},
  publisher={National Acad Sciences}
}